<?xml version="1.0" encoding="UTF-8"?><record xmlns="http://www.loc.gov/MARC21/slim" xmlns:cinclude="http://apache.org/cocoon/include/1.0" xmlns:zs="http://www.loc.gov/zing/srw/">
  <leader>00546cz  a2200145n  4500</leader>
  <controlfield tag="001">n  85285782 </controlfield>
  <controlfield tag="003">DLC</controlfield>
  <controlfield tag="005">20150428073750.0</controlfield>
  <controlfield tag="008">870311n| azannaabn          |n aaa      </controlfield>
  <datafield tag="010" ind1=" " ind2=" ">
    <subfield code="a">n  85285782 </subfield>
  </datafield>
  <datafield tag="035" ind1=" " ind2=" ">
    <subfield code="a">(OCoLC)oca01805704</subfield>
  </datafield>
  <datafield tag="040" ind1=" " ind2=" ">
    <subfield code="a">DNLM</subfield>
    <subfield code="b">eng</subfield>
    <subfield code="c">DLC</subfield>
    <subfield code="e">rda</subfield>
    <subfield code="d">DNLM</subfield>
  </datafield>
  <datafield tag="046" ind1=" " ind2=" ">
    <subfield code="f">19430330</subfield>
  </datafield>
  <datafield tag="100" ind1="1" ind2=" ">
    <subfield code="a">Dornan, Peter,</subfield>
    <subfield code="d">1943-</subfield>
  </datafield>
  <datafield tag="670" ind1=" " ind2=" ">
    <subfield code="a">His Sporting injuries, 1988:</subfield>
    <subfield code="b">CIP t.p. (Peter Dornan) CIP data sheet, etc. (b. 3/30/43; physiotherapist in the field of sporting injuries and was inaugural secretary of the Australian Sports Medicine Federation)</subfield>
  </datafield>
</record>